@article{Knuth1984,
abstract = {(1984). The Toilet Paper Problem. The American Mathematical Monthly: Vol. 91, No. 8, pp. 465-470.},
author = {Knuth, Donald E.},
doi = {10.1080/00029890.1984.11971466},
issn = {0002-9890},
journal = {The American Mathematical Monthly},
month = {oct},
number = {8},
pages = {465--470},
publisher = {Informa UK Limited},
title = {{The Toilet Paper Problem}},
url = {https://www.tandfonline.com/doi/abs/10.1080/00029890.1984.11971466},
volume = {91},
year = {1984}
}
@book{Feller,
  author         = {Feller, William},
  editor         = {},
  title          = {An Introduction to Probability Theory and Its Applications},
  publisher      = {Wiley},
  year           = {1968}
}
